Automatically generated by Mendeley Desktop 1.10.1
Any changes to this file will be lost if it is regenerated by Mendeley.

BibTeX export options can be customized via Options -> BibTeX in Mendeley Desktop

@article{Caverlee2013,
	author      = {Caverlee, James and Cheng, Zhiyuan and Sui, DZ and Kamath, KY},
	journal     = {IEEE Computer Society Data Engineering Bulletin},
	number      = {3},
	pages       = {33--41},
	title       = {{Towards Geo-Social Intelligence: Mining, Analyzing, and Leveraging Geospatial Footprints in Social Media}},
	url         = {http://sites.computer.org/debull/A13sept/p33.pdf},
	volume      = {36},
	year        = {2013}
}
@inproceedings{VanLaere2010,
	author      = {{Van Laere}, Olivier and Schockaert, Steven and Dhoedt, Bart},
	booktitle   = {Proceedings of the 6th Workshop on Geographic Information Retrieval - GIR '10},
	doi         = {10.1145/1722080.1722087},
	isbn        = {9781605588261},
	keywords    = {georeferencing,naive bayes classification,web},
	pages       = {1},
	publisher   = {ACM Press},
	title       = {{Towards automated georeferencing of Flickr photos}},
	url         = {http://van-laere.net/papers/GIR2010.pdf},
	year        = {2010}
}
@article{GeoScope,
	author      = {Budak, Ceren and Georgiou, Theodore and Agrawal, Divyakant and {El Abbadi}, Amr},
	journal     = {Proceedings of the VLDB Endowment},
	number      = {4},
	pages       = {229--240},
	title       = {{GeoScope: Online Detection of Geo-Correlated Information Trends in Social Networks}},
	url         = {http://www.vldb.org/pvldb/vol7/p229-budak.pdf},
	volume      = {7},
	year        = {2013}
}
@inproceedings{GeoTopicKurashima2013,
	author      = {Kurashima, Takeshi and Iwata, Tomoharu and Hoshide, Takahide and Takaya, Noriko and Fujimura, Ko},
	booktitle   = {Proceedings of the Sixth ACM International Conference on Web Search and Data Mining},
	doi         = {10.1145/2433396.2433444},
	isbn        = {978-1-4503-1869-3},
	keywords    = {location recommendation,topic model},
	pages       = {375--384},
	series      = {WSDM '13},
	title       = {{Geo Topic Model: Joint Modeling of User's Activity Area and Interests for Location Recommendation}},
	url         = {http://doi.acm.org/10.1145/2433396.2433444},
	year        = {2013}
}
@article{kulldorff,
	author      = {Kulldorff, Martin},
	journal     = {Communications in Statistics-Theory and methods},
	number      = {6},
	pages       = {1481--1496},
	publisher   = {Taylor \& Francis},
	title       = {{A spatial scan statistic}},
	url         = {http://www.satscan.org/papers/k-cstm1997.pdf},
	volume      = {26},
	year        = {1997}
}
@inproceedings{Deng2009,
	address     = {New York, New York, USA},
	author      = {Deng, Dong-Po and Chuang, Tyng-Ruey and Lemmens, Rob},
	booktitle   = {Proceedings of the 2009 International Workshop on Location Based Social Networks - LBSN '09},
	doi         = {10.1145/1629890.1629902},
	isbn        = {9781605588605},
	pages       = {49},
	publisher   = {ACM Press},
	title       = {{Conceptualization of place via spatial clustering and co-occurrence analysis}},
	url         = {http://www.iis.sinica.edu.tw/~trc/public/publications/lbsn09/lbsn09DengChuangLemmens.pdf},
	year        = {2009}
}
@inproceedings{TaggingSystemYin13,
	author      = {Yin, Dawei and Guo, Shengbo and Chidlovskii, Boris and Davison, Brian D and Archambeau, Cedric and Bouchard, Guillaume},
	booktitle   = {Proceedings of the Sixth ACM International Conference on Web Search and Data Mining},
	doi         = {10.1145/2433396.2433466},
	isbn        = {978-1-4503-1869-3},
	keywords    = {co-factorization,personalized comment recommendation,personalized tag prediction,social tagging,tag recommendation},
	pages       = {547--556},
	series      = {WSDM '13},
	title       = {{Connecting Comments and Tags: Improved Modeling of Social Tagging Systems}},
	url         = {http://users.cecs.anu.edu.au/~sguo/wsdm\_2013.pdf},
	year        = {2013}
}
@inproceedings{gender,
	author      = {Popescu, Adrian and Grefenstette, Gregory},
	booktitle   = {Proceedings of the Fourth International AAAI Conference on Weblogs and Social Media},
	pages       = {307--310},
	title       = {{Mining User Home Location and Gender from Flickr Tags.}},
	url         = {http://comupedia.org/adrian/articles/poster\_format.pdf},
	year        = {2010}
}
@inproceedings{GeoTopicYin11,
	author      = {Yin, Zhijun and Cao, Liangliang and Han, Jiawei and Zhai, Chengxiang and Huang, Thomas},
	booktitle   = {Proceedings of the 20th International Conference on World Wide Web},
	doi         = {10.1145/1963405.1963443},
	isbn        = {978-1-4503-0632-4},
	keywords    = {geographical topics,topic comparison,topic modeling},
	pages       = {247--256},
	series      = {WWW '11},
	title       = {{Geographical Topic Discovery and Comparison}},
	url         = {http://www.wwwconference.org/proceedings/www2011/proceedings/p247.pdf},
	year        = {2011}
}
@inproceedings{Agarwal2006spatial,
	address     = {New York, New York, USA},
	author      = {Agarwal, Deepak and McGregor, Andrew and Phillips, Jeff M and Venkatasubramanian, Suresh and Zhu, Zhengyuan},
	booktitle   = {Proceedings of the 12th ACM SIGKDD international conference on Knowledge discovery and data mining - KDD '06},
	doi         = {10.1145/1150402.1150410},
	isbn        = {1595933395},
	keywords    = {discrepancy,kulldorff scan statistic,spatial scan statistics},
	organization= {ACM},
	pages       = {24},
	publisher   = {ACM Press},
	title       = {{Spatial scan statistics}},
	url         = {https://people.cs.umass.edu/~mcgregor/papers/06-kdd.pdf},
	year        = {2006}
}
@article{topicModel,
	author      = {Blei, David M},
	doi         = {10.1145/2133806.2133826},
	issn        = {00010782},
	journal     = {Communications of the ACM},
	month       = apr,
	number      = {4},
	pages       = {77},
	publisher   = {ACM},
	title       = {{Probabilistic topic models}},
	url         = {http://www.cs.princeton.edu/~blei/papers/Blei2011.pdf},
	volume      = {55},
	year        = {2012}
}
@inproceedings{NonGaussianTopicKling14,
	author      = {Kling, Christoph Carl and Kunegis, J\'{e}r\^{o}me and Sizov, Sergej},
	booktitle   = {Proc. Int. Conf. on Web Search and Data Mining},
	title       = {{Detecting Non-Gaussian Geographical Topics in Tagged Photo Collections}},
	year        = {2014}
}
@article{scale,
	author      = {Gehlke, C E and Biehl, Katherine},
	doi         = {10.2307/2277827},
	issn        = {01621459},
	journal     = {Journal of the American Statistical Association},
	month       = mar,
	number      = {185},
	pages       = {169},
	publisher   = {Taylor \& Francis},
	title       = {{Certain Effects of Grouping Upon the Size of the Correlation Coefficient in Census Tract Material}},
	url         = {http://www.jstor.org/stable/2277827},
	volume      = {29},
	year        = {1934}
}
@article{Rattenbury2009,
	author      = {Rattenbury, Tye and Naaman, Mor},
	doi         = {10.1145/1462148.1462149},
	issn        = {15591131},
	journal     = {ACM Transactions on the Web},
	month       = jan,
	number      = {1},
	pages       = {1--30},
	title       = {{Methods for extracting place semantics from Flickr tags}},
	url         = {http://infolab.stanford.edu/~mor/research/RattenburyPlacesSemanticsTweb09.pdf},
	volume      = {3},
	year        = {2009}
}
